<?xml version="1.0" encoding="UTF-8"?><record xmlns="http://www.loc.gov/MARC21/slim" xmlns:cinclude="http://apache.org/cocoon/include/1.0" xmlns:zs="http://www.loc.gov/zing/srw/">
  <leader>00398cz  a2200121n  4500</leader>
  <controlfield tag="001">n 2001085379</controlfield>
  <controlfield tag="003">DLC</controlfield>
  <controlfield tag="005">20011211085359.0</controlfield>
  <controlfield tag="008">011211n| acannaabn          |n aaa      </controlfield>
  <datafield tag="010" ind1=" " ind2=" ">
    <subfield code="a">n 2001085379</subfield>
  </datafield>
  <datafield tag="040" ind1=" " ind2=" ">
    <subfield code="a">DLC</subfield>
    <subfield code="b">eng</subfield>
    <subfield code="c">DLC</subfield>
  </datafield>
  <datafield tag="100" ind1="1" ind2=" ">
    <subfield code="a">David, Julie Smith</subfield>
  </datafield>
  <datafield tag="670" ind1=" " ind2=" ">
    <subfield code="a">David, Julie Smith. Data warehousing and data mining, c2000:</subfield>
    <subfield code="b">t.p. (Julie Smith David) p. v (asst. prof., accounting, Arizona State Univ.)</subfield>
  </datafield>
</record>